@book{bk:tamhane_dunlop,
author = {Tamhane, Ajit C. and Dunlop, Dorothy D.},
title = {Statistics and Data Analysis: From Elementary to Intermediate},
publisher = {Prentice Hall},
year = {2000},
address = {Upper Saddle River, NJ, USA}
}

@article{ar:senic,
  title   = {{Special Issue: "The SENIC Project"}},
  journal = {American Journal of Epidemiology},
  year    = 1980,
  number  = 5,
  pages   = {465-653},
  month   = 5,
  note    = {Data obtained from Robert W. Haley, M.D., Hospital Infections Program, Center for Infectious Diseases, Centers for Disease Control, Atlanta, Georgia 30333.}, 
  volume  = 111
}

@article{ar:eickhoff,
  author = {Eickhoff, Theodore C.},
  title   = {General Comments on the Study on the Efficacy of Nosocomial Infection Control (SENIC Project)},
  journal = {American Journal of Epidemiology},
  year    = 1980,
  number  = 5,
  pages   = {465-469},
  month   = 5,
  volume  = 111
}

@article{ar:razali_yap,
author = {Mohd Razali, Nornadiah and Yap, Bee W.},
year = {2011},
month = 1,
title = {Power Comparisons of Shapiro-Wilk, Kolmogorov-Smirnov, Lilliefors and Anderson-Darling Tests},
volume = {2},
journal = {J. Stat. Model. Analytics}
}

@article{ar:w_l_o_t,
  author = {Wisniewski, Stephen R. and Leon, Andrew C. and Otto, Michael W. and Trivedi, Madhukar H. },
  title   = {Prevention of missing data in clinical research studies},
  journal = {Biological psychiatry},
  year    = 2006,
  number  = 11,
  pages   = {997-1000},
  month   = 6,
  volume  = 59
}

@article{ar:desarbo_green_carroll,
  author = {DeSarbo, Wayne S. and Green, Paul E. and Carroll, J.},
  title   = {An Alternating Least-Squares Procedure for Estimating Missing Preference Data in Product-Concept Testing},
  journal = {Decision Sciences},
  year    = 1986,
  number  = 2,
  pages   = {163-185},
  month   = 5,
  volume  = 17
}

@article{ar:kang,
  author = {Kang, Hyun},
  title   = {The prevention and handling of the missing data},
  journal = {Korean Journal of Anesthesiology},
  year    = 2013,
  number  = 5,
  pages   = {402-406},
  month   = 5,
  volume  = 64
}

@article{ar:senic2,
  author = {Quade, Dana and Culver, David H. and Haley, Robert W. and Whaley, Fredrick S. and Kalsbeek, William D. and Hardison, C. David and Johnson, Robert E. and Stanley, Richie C. and Shachtman, Richard H.},
  title   = {The {SENIC} Sampling Process: Design for Choosing Hospitals and Patients and Results of Sample Selection},
  journal = {American Journal of Epidemiology},
  year    = 1980,
  number  = 5,
  pages   = {486-502},
  month   = 5,
  volume  = 111
}

@article{ar:m_p_c_m_b,
  author = {Monroe, Eric M. and Pan, Rong and Anderson-Cook, Christine M. and Montgomery, Douglas C. and Borror, Connie},
  title   = {A Generalized Linear Model Approach to Designing Accelerated Life Test Experiments},
  journal = {Quality and Reliability Eng. Int.},
  year    = 2011,
  number  = 4,
  pages   = {595-607},
  month   = 6,
  volume  = 27
}

@article{ar:bagley_white_golomb,
  author = {Bagley, Steven C. and White, H and Golomb, Beatrice},
  title   = {Logistic regression in the medical literature: Standards for use and reporting, with particular attention to one medical domain},
  journal = {Journal of clinical epidemiology},
  year    = 2001,
  number  = 10,
  pages   = {979-985},
  month   = 11,
  volume  = 54
}